@book {EngelProblemSolvingStrategies,
    AUTHOR = {Engel, Arthur},
     TITLE = {Problem-solving strategies},
    SERIES = {Problem Books in Mathematics},
 PUBLISHER = {Springer-Verlag, New York},
      YEAR = {1998},
     PAGES = {x+403},
      ISBN = {0-387-98219-1},
   MRCLASS = {00A07 (05-01)},
  MRNUMBER = {1485512},
}

@book {BrualdiIntroCombi4thEd,
    AUTHOR = {Brualdi, Richard A.},
     TITLE = {Introductory combinatorics},
   EDITION = {Fifth},
 PUBLISHER = {Pearson Prentice Hall, Upper Saddle River, NJ},
      YEAR = {2010},
     PAGES = {xii+605},
      ISBN = {978-0-13-602040-0; 0-13-602040-2},
   MRCLASS = {05-01},
  MRNUMBER = {2655770},
MRREVIEWER = {Jonathan\ Cutler},
}
